@article{antoni2009cyclostationarity,
  title={{Cyclostationarity by examples}},
  author={Antoni, J.},
  journal={Mechanical Systems and Signal Processing},
  volume={23},
  number={4},
  pages={987--1036},
  issn={0888-3270},
  year={2009},
  publisher={Elsevier}
}

@InProceedings{JaitlyICASSP2011,
  author = 	 {Jaitly, N and Hinton, G},
  title = 	 {Learning a better representation of speech sound waves using restricted boltzmann machines},
  OPTcrossref =  {},
  OPTkey = 	 {},
 booktitle = {ICASSP},
  OPTpages = 	 {},
  year = 	 {2011},
  OPTeditor = 	 {},
  OPTvolume = 	 {},
  OPTnumber = 	 {},
  OPTseries = 	 {},
  OPTaddress = 	 {},
  OPTmonth = 	 {},
  OPTorganization = {},
  OPTpublisher = {},
  OPTnote = 	 {},
  OPTannote = 	 {}
}

@Article{HintonSPS2012,
  author = 	 {Hinton, G and Deng, L and Yu, D and Dahl, G and Mohamed, A and Jaitly, N and Senior, A and Vanhoucke, V and Nguyen, P and Sainath, T and Kingsbury, K },
  title = 	 {Deep Neural Networks for Acoustic Modeling in Speech Recognition},
  journal = 	 {IEEE Signal Proc. Magazine},
  year = 	 {2012},
  OPTkey = 	 {},
  OPTvolume = 	 {},
  OPTnumber = 	 {},
  OPTpages = 	 {},
  month = 	 {Nov},
  OPTnote = 	 {},
  OPTannote = 	 {}
}

@article{antoni2004cyclostationarity,
  title={{Cyclostationary modelling of rotating machine vibration signals}},
  author={Antoni, J. and Bonnardot, F. and Raad, A. and El Badaoui, M.},
  journal={Mechanical Systems and Signal Processing},
  volume={18},
  pages={1285-1314},
  issn={0888-3270},
  year={2004},
  publisher={Elsevier}
}

@conference{phillips2000noise,
  title={{Noise in mixers, oscillators, samplers, and logic: An introduction to cyclostationary noise}},
  author={Phillips, J. and Kundert, K.},
  booktitle={Custom Integrated Circuits Conference},
  pages={431--438},
  isbn={0780358090},
  year={2000},
  organization={IEEE}
}
@article{gardner2006cyclostationarity,
  title={{Cyclostationarity: half a century of research}},
  author={Gardner, W.A. and Napolitano, A. and Paura, L.},
  journal={Signal processing},
  volume={86},
  number={4},
  pages={639--697},
  issn={0165-1684},
  year={2006},
  publisher={Elsevier}
}


@article{gardner2002exploitation,
  title={{Exploitation of spectral redundancy in cyclostationary signals}},
  author={Gardner, WA},
  journal={Signal Processing Magazine, IEEE},
  volume={8},
  number={2},
  pages={14--36},
  issn={1053-5888},
  year={2002},
  publisher={IEEE}
}

@Article{Verma2013, 
  author = 	 {Verma, K. and Gupta, V.K. and Sharma, M. and Sevakula, R.K.},
  title = 	 {Intelligent Condition Based Monitoring of Rotating Machines using Sparse Auto-encoders},
  journal = 	 {IEEE},
  year = 	 {2013},
  OPTkey = 	 {},
  OPTvolume = 	 {},
  OPTnumber = 	 {},
  OPTpages = 	 {},
  month = 	 {},
  OPTnote = 	 {},
  OPTannote = 	 {}
}

@Article{Tran2013, 
  author = 	 {Tran, V.T. and AlThobiani, F. and Ball, A.},
  title = 	 {An approach to fault diagnosis of reciprocating compressor valves using Teager-Kaiser energy operator and deeep belief networks},
  journal = 	 {Expert Systems with Applications},
  year = 	 {2014},
  OPTkey = 	 {},
  OPTvolume = 	 {41},
  OPTnumber = 	 {},
  OPTpages = 	 {4113-4122},
  month = 	 {},
  OPTnote = 	 {},
  OPTannote = 	 {}
}